% Comparison-based optimization bibliography. We'll use this file to collect citations to all relevant papers
% Note you can use Google Scholar to automatically generate appropriately formatted citations. Underneath the title of the paper, hit the button that looks like '', then choose bibtex and paste the citation below/

@article{bergou2020stochastic,
  title={Stochastic three points method for unconstrained smooth minimization},
  author={Bergou, El Houcine and Gorbunov, Eduard and Richtarik, Peter},
  journal={SIAM Journal on Optimization},
  volume={30},
  number={4},
  pages={2726--2749},
  year={2020},
  publisher={SIAM}
}

@article{cai2020scobo,
  title={SCOBO: Sparsity-Aware Comparison Oracle Based Optimization},
  author={Cai, HanQin and Mckenzie, Daniel and Yin, Wotao and Zhang, Zhenliang},
  journal={arXiv preprint arXiv:2010.02479},
  year={2020}
}

@article{christiano2017deep,
  title={Deep reinforcement learning from human preferences},
  author={Christiano, Paul and Leike, Jan and Brown, Tom B and Martic, Miljan and Legg, Shane and Amodei, Dario},
  journal={arXiv preprint arXiv:1706.03741},
  year={2017}
}

@inproceedings{tucker2020preference,
  title={Preference-based learning for exoskeleton gait optimization},
  author={Tucker, Maegan and Novoseller, Ellen and Kann, Claudia and Sui, Yanan and Yue, Yisong and Burdick, Joel W and Ames, Aaron D},
  booktitle={2020 IEEE International Conference on Robotics and Automation (ICRA)},
  pages={2351--2357},
  year={2020},
  organization={IEEE}
}

@inproceedings{karabag2021smooth,
  title={Smooth Convex Optimization using Sub-Zeroth-Order Oracles},
  author={Karabag, Mustafa O and Neary, Cyrus and Topcu, Ufuk},
  booktitle={Proceedings of the AAAI Conference on Artificial Intelligence},
  volume={35},
  number={5},
  pages={3815--3822},
  year={2021}
}

@article{golovin2019gradientless,
  title={Gradientless descent: High-dimensional zeroth-order optimization},
  author={Golovin, Daniel and Karro, John and Kochanski, Greg and Lee, Chansoo and Song, Xingyou and Zhang, Qiuyi},
  journal={arXiv preprint arXiv:1911.06317},
  year={2019}
}

@inproceedings{cheng2019sign,
  title={Sign-OPT: A Query-Efficient Hard-label Adversarial Attack},
  author={Cheng, Minhao and Singh, Simranjit and Chen, Patrick H and Chen, Pin-Yu and Liu, Sijia and Hsieh, Cho-Jui},
  booktitle={International Conference on Learning Representations},
  year={2019}
}

@inproceedings{karabag2021smooth,
  title={Smooth Convex Optimization using Sub-Zeroth-Order Oracles},
  author={Karabag, Mustafa O and Neary, Cyrus and Topcu, Ufuk},
  booktitle={Proceedings of the AAAI Conference on Artificial Intelligence},
  volume={35},
  number={5},
  pages={3815--3822},
  year={2021}
}

@inproceedings{saha2021dueling,
  title={Dueling Convex Optimization},
  author={Saha, Aadirupa and Koren, Tomer and Mansour, Yishay},
  booktitle={International Conference on Machine Learning},
  pages={9245--9254},
  year={2021},
  organization={PMLR}
}
